<record><leader>00000cas a2200000 a 4500</leader><controlfield tag="001">31692844</controlfield><controlfield tag="008">941214d196u19uuiluwr ne      0   a0eng c</controlfield><datafield ind1=" " ind2=" " tag="010"><subfield code="a">sn 94060619 </subfield></datafield><datafield ind1=" " ind2=" " tag="040"><subfield code="a">NVF</subfield><subfield code="b">eng</subfield><subfield code="c">NVF</subfield><subfield code="d">CVF</subfield><subfield code="d">NVF</subfield><subfield code="d">OCL</subfield><subfield code="d">NVF</subfield><subfield code="d">OCLCQ</subfield><subfield code="d">OCLCF</subfield><subfield code="d">NVF</subfield><subfield code="d">OCLCO</subfield><subfield code="d">OCL</subfield></datafield><datafield ind1=" " ind2=" " tag="042"><subfield code="a">pcc</subfield></datafield><datafield ind1=" " ind2=" " tag="043"><subfield code="a">n-us-il</subfield></datafield><datafield ind1="0" ind2=" " tag="130"><subfield code="a">Livestock reporter (East Saint Louis, Ill.)</subfield></datafield><datafield ind1="1" ind2="4" tag="245"><subfield code="a">The livestock reporter.</subfield></datafield><datafield ind1=" " ind2=" " tag="260"><subfield code="a">National Stockyards (E. St. Louis), Ill. :</subfield><subfield code="b">Corn Belt Publishers</subfield></datafield><datafield ind1=" " ind2=" " tag="300"><subfield code="a">v.</subfield></datafield><datafield ind1=" " ind2=" " tag="310"><subfield code="a">Weekly,</subfield><subfield code="b">&lt;Sept. 7, 1965&gt;</subfield></datafield><datafield ind1=" " ind2=" " tag="321"><subfield code="a">Daily (except Sunday and Monday),</subfield><subfield code="b">&lt;Feb. 24, 1961-Feb. 24, 1963&gt;</subfield></datafield><datafield ind1=" " ind2=" " tag="530"><subfield code="a">Preservation microfilmed by the University of Illinois at Urbana-Champaign Library as part of the United States Newspaper Program; the years 1961-1965 (on 2 microfilm reels) are available for purchase from OCLC Preservation Service Centers.</subfield></datafield><datafield ind1=" " ind2=" " tag="588"><subfield code="a">Description based on: 72nd year, no. 4 (Feb. 24, 1961).</subfield></datafield><datafield ind1=" " ind2=" " tag="588"><subfield code="a">Latest issue consulted: 76th year, no. 54 (Dec. 31, 1965).</subfield></datafield><datafield ind1=" " ind2="0" tag="650"><subfield code="a">Livestock</subfield><subfield code="z">Illinois</subfield><subfield code="x">Marketing</subfield><subfield code="v">Newspapers.</subfield></datafield><datafield ind1=" " ind2="0" tag="650"><subfield code="a">Meat industry and trade</subfield><subfield code="z">Illinois</subfield><subfield code="v">Newspapers.</subfield></datafield><datafield ind1=" " ind2="0" tag="650"><subfield code="a">Animal industry</subfield><subfield code="z">Illinois</subfield><subfield code="v">Newspapers.</subfield></datafield><datafield ind1=" " ind2="0" tag="651"><subfield code="a">National Stock Yards (Ill.)</subfield><subfield code="v">Newspapers.</subfield></datafield><datafield ind1=" " ind2="0" tag="651"><subfield code="a">East Saint Louis (Ill.)</subfield><subfield code="v">Newspapers.</subfield></datafield><datafield ind1=" " ind2="7" tag="650"><subfield code="a">Meat industry and trade</subfield><subfield code="2">fast</subfield><subfield code="0">(OCoLC)fst01013271</subfield></datafield><datafield ind1=" " ind2="7" tag="650"><subfield code="a">Animal industry.</subfield><subfield code="2">fast</subfield><subfield code="0">(OCoLC)fst00809238</subfield></datafield><datafield ind1=" " ind2="7" tag="650"><subfield code="a">Livestock</subfield><subfield code="x">Marketing.</subfield><subfield code="2">fast</subfield><subfield code="0">(OCoLC)fst01000819</subfield></datafield><datafield ind1=" " ind2="7" tag="651"><subfield code="a">Illinois.</subfield><subfield code="2">fast</subfield><subfield code="0">(OCoLC)fst01205143</subfield></datafield><datafield ind1=" " ind2="7" tag="651"><subfield code="a">Illinois</subfield><subfield code="z">East Saint Louis.</subfield><subfield code="2">fast</subfield><subfield code="0">(OCoLC)fst01213679</subfield></datafield><datafield ind1=" " ind2="7" tag="651"><subfield code="a">Illinois</subfield><subfield code="z">National Stock Yards.</subfield><subfield code="2">fast</subfield><subfield code="0">(OCoLC)fst01876155</subfield></datafield><datafield ind1=" " ind2="7" tag="655"><subfield code="a">Newspapers.</subfield><subfield code="2">fast</subfield><subfield code="0">(OCoLC)fst01423814</subfield></datafield><datafield ind1=" " ind2=" " tag="752"><subfield code="a">United States</subfield><subfield code="b">Illinois</subfield><subfield code="c">Saint Clair</subfield><subfield code="d">National Stock Yards.</subfield></datafield><datafield ind1=" " ind2=" " tag="752"><subfield code="a">United States</subfield><subfield code="b">Illinois</subfield><subfield code="c">Saint Clair</subfield><subfield code="d">East Saint Louis.</subfield></datafield><datafield ind1="0" ind2="0" tag="780"><subfield code="t">St. Louis daily live stock reporter</subfield><subfield code="w">(DLC)sn 82014953</subfield><subfield code="w">(OCoLC)8807338</subfield></datafield><datafield ind1="0" ind2="4" tag="785"><subfield code="t">Drovers journal (Chicago, Ill. : 1961)</subfield><subfield code="w">(DLC)sn 78000885</subfield><subfield code="w">(OCoLC)1775324</subfield></datafield><datafield ind1="1" ind2=" " tag="029"><subfield code="a">AU@</subfield><subfield code="b">000011427669</subfield></datafield></record>